<record><leader>00000cas a22000007a 4500</leader><controlfield tag="001">11154768</controlfield><controlfield tag="008">840914c186u9999inuwr ne      0    0eng d</controlfield><datafield ind1=" " ind2=" " tag="010"><subfield code="a">sn 84037907 </subfield></datafield><datafield ind1=" " ind2=" " tag="040"><subfield code="a">NPX</subfield><subfield code="b">eng</subfield><subfield code="c">NPX</subfield><subfield code="d">NPU</subfield><subfield code="d">NPI</subfield><subfield code="d">IUL</subfield><subfield code="d">OCLCQ</subfield><subfield code="d">OCLCF</subfield></datafield><datafield ind1=" " ind2=" " tag="042"><subfield code="a">msc</subfield></datafield><datafield ind1=" " ind2=" " tag="043"><subfield code="a">n-us-in</subfield></datafield><datafield ind1="0" ind2=" " tag="130"><subfield code="a">Liberty herald (Liberty, Ind. : 1868)</subfield></datafield><datafield ind1="1" ind2="4" tag="245"><subfield code="a">The Liberty herald.</subfield></datafield><datafield ind1=" " ind2=" " tag="260"><subfield code="a">Liberty, Ind. :</subfield><subfield code="b">Mary S. Lucas</subfield></datafield><datafield ind1=" " ind2=" " tag="300"><subfield code="a">v. :</subfield><subfield code="b">ill. ;</subfield><subfield code="c">58-62 cm.</subfield></datafield><datafield ind1=" " ind2=" " tag="310"><subfield code="a">Weekly</subfield></datafield><datafield ind1=" " ind2=" " tag="500"><subfield code="a">Published by: David S. Wedding, &lt;Sept. 6, 2007-&gt;</subfield></datafield><datafield ind1=" " ind2=" " tag="530"><subfield code="a">Also issued in an online edition.</subfield></datafield><datafield ind1=" " ind2=" " tag="588"><subfield code="a">Description based on: Vol. 17, no. 33 (Aug. 11, 1868).</subfield></datafield><datafield ind1=" " ind2=" " tag="588"><subfield code="a">Latest issue consulted: Vol. 156, no. 36 (Sept. 6, 2007).</subfield></datafield><datafield ind1=" " ind2="0" tag="651"><subfield code="a">Liberty (Ind.)</subfield><subfield code="v">Newspapers.</subfield></datafield><datafield ind1=" " ind2="0" tag="651"><subfield code="a">Union County (Ind.)</subfield><subfield code="v">Newspapers.</subfield></datafield><datafield ind1=" " ind2="7" tag="655"><subfield code="a">Newspapers.</subfield><subfield code="2">fast</subfield><subfield code="0">(OCoLC)fst01423814</subfield></datafield><datafield ind1=" " ind2="7" tag="651"><subfield code="a">Indiana</subfield><subfield code="z">Liberty.</subfield><subfield code="2">fast</subfield><subfield code="0">(OCoLC)fst01257867</subfield></datafield><datafield ind1=" " ind2="7" tag="651"><subfield code="a">Indiana</subfield><subfield code="z">Union County.</subfield><subfield code="2">fast</subfield><subfield code="0">(OCoLC)fst01213218</subfield></datafield><datafield ind1=" " ind2=" " tag="752"><subfield code="a">United States</subfield><subfield code="b">Indiana</subfield><subfield code="c">Union</subfield><subfield code="d">Liberty.</subfield></datafield><datafield ind1="0" ind2="0" tag="780"><subfield code="t">Liberty weekly herald</subfield><subfield code="w">(DLC)sn 84037906</subfield></datafield><datafield ind1="0" ind2="5" tag="780"><subfield code="t">Liberty express (Liberty, Ind.)</subfield><subfield code="w">(DLC)sn 85048204</subfield></datafield><datafield ind1="4" ind2="1" tag="856"><subfield code="u">http://www.libertyherald.net/herald/news/</subfield></datafield></record>